@inproceedings{apnea2000,
  title = {The apnea-ecg database},
  author = {Penzel, Thomas and Moody, George B and Mark, Roger G and Goldberger, Ary L and Peter, J Hermann},
  booktitle = {Computers in cardiology 2000},
  pages = {255--258},
  year = {2000},
  organization = {IEEE}
}

@article{physiobank2000,
  title = {Physiobank, physiotoolkit, and physionet},
  author = {Goldberger, Ary L and Amaral, Luis AN and Glass, Leon and Hausdorff, Jeffrey M and Ivanov, Plamen Ch and Mark, Roger G and Mietus, Joseph E and Moody, George B and Peng, Chung-Kang and Stanley, H Eugene},
  journal = {Circulation},
  volume = {101},
  number = {23},
  pages = {e215--e220},
  year = {2000}
}
